 @article{nanda_gulati_chauhan_modi_dhaked_2018, title={A K-means-galactic swarm optimization-based clustering algorithm with OTSU’s entropy for Brain tumor detection}, volume={33}, DOI={10.1080/08839514.2018.1530869}, number={2}, journal={Applied Artificial Intelligence}, author={Nanda, Satyasai Jagannath and Gulati, Ishank and Chauhan, Rajat and Modi, Rahul and Dhaked, Uttam}, year={2018}, pages={152–170}} 
 @article{sharma_kumar_singh_2018, title={Brain tumor segmentation using de embedded otsu method and neural network}, volume={30}, DOI={10.1007/s11045-018-0603-3}, number={3}, journal={Multidimensional Systems and Signal Processing}, author={Sharma, Anshika and Kumar, Sushil and Singh, Shailendra Narayan}, year={2018}, pages={1263–1291}} 
 @article{singh_2017, title={Automatic detection of brain tumor using K-means clustering}, volume={V}, DOI={10.22214/ijraset.2017.11017}, number={XI}, journal={International Journal for Research in Applied Science and Engineering Technology}, author={Singh, Nitesh Kumar}, year={2017}, pages={114–121}} 
 @article{truong_kim_2017, title={Automatic image Thresholding using Otsu’s method and entropy weighting scheme for surface defect detection}, volume={22}, DOI={10.1007/s00500-017-2709-1}, number={13}, journal={Soft Computing}, author={Truong, Mai Thanh and Kim, Sanghoon}, year={2017}, pages={4197–4203}} 
 @online{anastasia murzova                                            sakshi seth_murzova_seth_2021, title={Otsu's Thresholding Technique}, url={https://learnopencv.com/otsu-thresholding-with-opencv/}, journal={LearnOpenCV}, author={Anastasia Murzova                                            Sakshi Seth and Murzova, Anastasia and Seth, Sakshi}, year={2021}, month={May}} 
 @online{datagen_2022, title={Image segmentation: The basics and 5 key techniques}, url={https://datagen.tech/guides/image-annotation/image-segmentation/}, journal={Datagen}, year={2022}, month={Oct}} 
 @online{from the scanner to our computer – introduction to working with mri data in python, title={From the scanner to our computer}, url={https://carpentries-incubator.github.io/SDC-BIDS-IntroMRI/scanner-to-computer/index.html}, journal={From the scanner to our computer – Introduction to Working with MRI Data in Python}} 
 @online{manansala_2021, title={Image processing with python: Image segmentation using Thresholding Methods}, url={https://medium.com/swlh/image-processing-with-python-image-segmentation-using-thresholding-methods-423ecdaf8ab4}, journal={Medium}, publisher={The Startup}, author={Manansala, J.}, year={2021}, month={Feb}} 
 @online{mri basics, url={https://case.edu/med/neurology/NR/MRI%20Basics.htm}, journal={MRI Basics}} 
 @online{mwiti_2023, title={Image segmentation: Architectures, losses, datasets, and Frameworks}, url={https://neptune.ai/blog/image-segmentation}, journal={neptune.ai}, author={Mwiti, Derrick}, year={2023}, month={Jan}} 
 @online{project-monai, title={Project-Monai/Monai: AI toolkit for Healthcare Imaging}, url={https://github.com/Project-MONAI/MONAI/}, journal={Medical Open Network for AI}, publisher={GitHub}, author={Project-MONAI}} 
 @online{scikit-learn, title={2.3. clustering}, url={https://scikit-learn.org/stable/modules/clustering.html#k-means}, journal={scikit-learn}} 